<record><leader>00000cas a22000007a 4500</leader><controlfield tag="001">17499827</controlfield><controlfield tag="008">880218d19301952lauwr ne      0    0eng d</controlfield><datafield ind1=" " ind2=" " tag="010"><subfield code="a">sn 88064138 </subfield></datafield><datafield ind1=" " ind2=" " tag="040"><subfield code="a">LNP</subfield><subfield code="b">eng</subfield><subfield code="c">LNP</subfield><subfield code="d">OCLCQ</subfield></datafield><datafield ind1=" " ind2=" " tag="042"><subfield code="a">msc</subfield></datafield><datafield ind1="0" ind2=" " tag="130"><subfield code="a">Morehouse enterprise (Morehouse, La. : 1930)</subfield></datafield><datafield ind1="1" ind2="0" tag="245"><subfield code="a">Morehouse enterprise.</subfield></datafield><datafield ind1="1" ind2="3" tag="246"><subfield code="a">Weekly Morehouse enterprise</subfield></datafield><datafield ind1=" " ind2=" " tag="260"><subfield code="a">Bastrop, La. :</subfield><subfield code="b">C.G. Scott</subfield></datafield><datafield ind1=" " ind2=" " tag="310"><subfield code="a">Weekly</subfield></datafield><datafield ind1="0" ind2=" " tag="362"><subfield code="a">Vol. 29, no. 48 (Sept. 4, 1930)-v. 51, no. 13 (Sept. 30, 1952).</subfield></datafield><datafield ind1=" " ind2=" " tag="752"><subfield code="a">United States</subfield><subfield code="b">Louisiana</subfield><subfield code="c">Morehouse</subfield><subfield code="d">Bastrop.</subfield></datafield><datafield ind1="0" ind2="0" tag="780"><subfield code="t">Twice-a-week Morehouse enterprise</subfield><subfield code="w">(DLC)sn 88064137</subfield></datafield><datafield ind1="0" ind2="0" tag="785"><subfield code="t">Bastrop daily enterprise</subfield><subfield code="w">(DLC)sn 88064139</subfield></datafield></record>